
@webpage{plutopassive,
	Author = {Michael Rooke},
	Date-Added = {2020-09-25 17:02:23 +0200},
	Date-Modified = {2020-09-25 17:10:28 +0200},
	Lastchecked = {25.09.2020},
	Title = {Adalm-Pluto Passive Radar -- Native on the board},
	Url = {https://www.urlme.net/blog/?p=2579},
	Urldate = {24.02.2018}}
	
	
@webpage{gitscripts,
	Date-Added = {2020-09-27 14:05:02 +0200},
	Date-Modified = {2020-09-27 14:06:31 +0200},
	Lastchecked = {27.09.2020},
	Url = {https://github.com/fallow24/lab_telecom/tree/master/scripts}}


@article{sdrpassive,
	Author = {W. Feng and G. Cherniak and J.M Friedt and M. Sato},
	Date-Added = {2020-09-27 14:30:53 +0200},
	Date-Modified = {2020-09-27 14:36:12 +0200},
	Title = {Software defined radio implementation of passive RADAR using low-cost DVB-T receivers},
	Year = {2018}}
