
@misc{ad_iio_oscilloscope_github,
  title = {Analogdevicesinc/Iio-Oscilloscope},
  year = {2020},
  month = apr,
  url = {https://github.com/analogdevicesinc/iio-oscilloscope},
  urldate = {2020-04-13},
  abstract = {A GTK+ based oscilloscope application for interfacing with various IIO devices},
  copyright = {GPL-2.0},
  journal = {Analog Devices iio\_oscilloscope},
  keywords = {fmcomms,iio,oscilloscope},
  type = {Analog {{Devices Github}}}
}

@misc{ad_libad9361_github,
  title = {Analogdevicesinc/Libad9361-Iio},
  year = {2020},
  month = mar,
  url = {https://github.com/analogdevicesinc/libad9361-iio},
  urldate = {2020-04-13},
  abstract = {IIO AD9361 library for filter design and handling, multi-chip sync, etc.},
  copyright = {LGPL-2.1},
  keywords = {ad9361,adalm-pluto,adrv9361,fir,iio,mcs,plutosdr},
  type = {Analog {{Devices Github}}}
}

@misc{ad_libiio,
  title = {What Is Libiio? [{{Analog Devices Wiki}}]},
  url = {https://wiki.analog.com/resources/tools-software/linux-software/libiio\#how_to_build_it},
  urldate = {2020-04-13},
  file = {/home/markus/Zotero/storage/R3SJKHCB/libiio.html}
}

@misc{ad_libiio_github,
  title = {Analogdevicesinc/Libiio},
  year = {2020},
  month = apr,
  url = {https://github.com/analogdevicesinc/libiio},
  urldate = {2020-04-13},
  abstract = {A cross platform library for interfacing with local and remote Linux IIO devices},
  journal = {Analog Devices libiio},
  keywords = {adc,analog,analog-devices,c,dac,digital,iio,iio-devices,industrial-linux,libiio,linux,linux-iio-drivers},
  type = {Analog {{Devices Github}}}
}

@misc{ad_pluto_overview,
  title = {{{ADALM}}-{{PLUTO Overview}} [{{Analog Devices Wiki}}]},
  url = {https://wiki.analog.com/university/tools/pluto},
  urldate = {2020-04-12},
  file = {/home/markus/Zotero/storage/ZCMEA4MJ/pluto.html}
}

@misc{ad_pyadi_iio,
  title = {Pyadi-Iio: {{Device Specific Python Interfaces For IIO Drivers}} [{{Analog Devices Wiki}}]},
  url = {https://wiki.analog.com/resources/tools-software/linux-software/pyadi-iio},
  urldate = {2020-04-13},
  file = {/home/markus/Zotero/storage/QW4NYVJD/pyadi-iio.html}
}

@misc{ad_pyadi_iio_github,
  title = {Analogdevicesinc/Pyadi-Iio},
  year = {2020},
  month = apr,
  url = {https://github.com/analogdevicesinc/pyadi-iio},
  urldate = {2020-04-13},
  abstract = {Python interfaces for ADI hardware with IIO drivers (aka peyote)},
  type = {Analog {{Devices Github}}}
}

@techreport{ad9364,
  title = {Analog {{Devices RF Agile Transceiver AD9364 Datasheet}}},
  institution = {{Analog Devices}},
  url = {https://www.analog.com/media/en/technical-documentation/data-sheets/AD9364.pdf},
  file = {/home/markus/Zotero/storage/EKEYBPC7/Analog Devices RF Agile Transceiver AD9364 Datashe.pdf}
}

@misc{amsat_uk_qo100,
  title = {Es'hail 2 / {{QO}}-100},
  year = {2015},
  month = jun,
  url = {https://amsat-uk.org/satellites/geo/eshail-2/},
  urldate = {2020-07-01},
  abstract = {The geostationary satellite Es'hail-2 carrying Equipment requirements: X-Band 10 GHz Downlink: \textendash{} 89 cm dishes in rainy areas at EOC like Brazil or Thailand \textendash{} 60 cm around coverage peak \textendash{} 75 cm dish\ldots},
  file = {/home/markus/Zotero/storage/TBJFHX6Y/eshail-2.html},
  journal = {AMSAT-UK},
  language = {en}
}

@misc{amsat_uk_qo100_transponder,
  title = {Es'hail 2 {{Transponder Information}}},
  year = {2020},
  month = jan,
  url = {https://ukamsat.files.wordpress.com/2018/11/amsat-uk_eshail-2_transponder_info.pdf},
  urldate = {2020-01-07},
  journal = {Es'hail 2 Transponder Information},
  language = {english}
}

@misc{bokeh_examples,
  title = {Bokeh/Bokeh-Notebooks},
  year = {2020},
  month = may,
  url = {https://github.com/bokeh/bokeh-notebooks},
  urldate = {2020-05-05},
  abstract = {Interactive Web Plotting with Bokeh in IPython notebook},
  journal = {Bokeh Examples}
}

@misc{cgold_cmake_guide,
  title = {{{CGold}}: {{The Hitchhiker}}'s {{Guide}} to the {{CMake}} \textemdash{} {{CGold}} 0.1 Documentation},
  url = {https://cgold.readthedocs.io/en/latest/index.html},
  urldate = {2020-06-23},
  file = {/home/markus/Zotero/storage/675ZBY7Z/index.html}
}

@book{collins2018,
  title = {Software-Defined Radio for Engineers},
  author = {Collins, Travis F. and Getz, Robin and Pu, Di and Wyglinski, Alexander M.},
  year = {2018},
  publisher = {{Artech House}},
  address = {{Norwood, MA}},
  file = {/home/markus/Zotero/storage/XF5PEDB9/Collins et al. - 2018 - Software-defined radio for engineers.pdf},
  isbn = {978-1-63081-457-1},
  keywords = {Digital communications,Software radio,Systems engineering,ToRead},
  language = {en},
  series = {Artech {{House}} Mobile Communications Series}
}

@misc{gnu_radio_cgran,
  title = {The {{Comprehensive GNU Radio Archive Network}}},
  url = {https://www.cgran.org/},
  urldate = {2020-06-22},
  file = {/home/markus/Zotero/storage/SLGBJDLK/www.cgran.org.html}
}

@misc{gnu_radio_conference,
  title = {{{GNU Radio Conferences}}},
  url = {https://www.gnuradio.org/grcon/},
  urldate = {2020-06-22},
  file = {/home/markus/Zotero/storage/ZPSWQJ47/grcon.html}
}

@misc{gnu_radio_github,
  title = {Gnuradio/Gnuradio},
  year = {2020},
  month = jun,
  url = {https://github.com/gnuradio/gnuradio},
  urldate = {2020-06-22},
  abstract = {GNU Radio \textendash{} the Free and Open Software Radio Ecosystem},
  copyright = {GPL-3.0},
  keywords = {c-plus-plus,cybersecurity,dsp,gnu,gnuradio,python,radio,sdr,wireless}
}

@misc{gnu_radio_gnuradiodays2019_mueller,
  title = {{{GNURadio Days}} 2019, {{Marcus M\"uller Keynote}}: {{The GNURadio}} Scheduler and Internals},
  shorttitle = {{{GNURadio Days}} 2019, {{Marcus M\"uller Keynote}}},
  url = {https://www.youtube.com/watch?v=_iaJsSEHWpU},
  urldate = {2020-06-22},
  abstract = {GNURadio Days 2019, Marcus M\"uller Keynote

Re-publishing courtesy of Jean-Michel Friedt

Programm is available here: https://gnuradio-fr-19.sciencesconf.o...

Book of abstracts: https://gnuradio-fr-19.sciencesconf.o...}
}

@misc{gnu_radio_tutorials,
  title = {Tutorials - {{GNU Radio}}},
  url = {https://wiki.gnuradio.org/index.php/Tutorials},
  urldate = {2020-06-22},
  file = {/home/markus/Zotero/storage/ZCY9QBH6/Tutorials.html}
}

@misc{gnu_radio_vs_code,
  title = {{{UsingVSCode}} - {{GNU Radio}}},
  url = {https://wiki.gnuradio.org/index.php/UsingVSCode},
  urldate = {2020-06-24},
  file = {/home/markus/Zotero/storage/XSMHVKJP/UsingVSCode.html}
}

@misc{gnu_radio_wiki,
  title = {{{GNU Radio Wiki}}},
  url = {https://wiki.gnuradio.org/index.php/Main_Page},
  urldate = {2020-06-22},
  file = {/home/markus/Zotero/storage/HMLZ9Z2Q/Main_Page.html}
}

@misc{gqrx_website,
  title = {Gqrx {{SDR}} \textendash{} {{Open}} Source Software Defined Radio by {{Alexandru Csete OZ9AEC}}},
  url = {https://gqrx.dk/},
  urldate = {2020-06-03},
  file = {/home/markus/Zotero/storage/N3LMFZRI/gqrx.dk.html},
  language = {en-US}
}

@misc{hackster_physical_computing_pi,
  title = {{{RPi Physical Computing Using Jupyter Notebook}}},
  url = {https://www.hackster.io/mjrobot/rpi-physical-computing-using-jupyter-notebook-056fa8},
  urldate = {2020-04-29},
  abstract = {Learn how to install Jupyter Notebook on a Raspberry Pi, and directly on it, read sensors and act on actuators. By MJRoBot.},
  file = {/home/markus/Zotero/storage/JTKWS9Z3/rpi-physical-computing-using-jupyter-notebook-056fa8.html},
  journal = {Hackster.io},
  language = {en}
}

@misc{jupyter_project,
  title = {Project {{Jupyter}}},
  url = {https://www.jupyter.org},
  urldate = {2020-04-29},
  abstract = {The Jupyter Notebook is a web-based interactive computing platform. The notebook combines live code, equations, narrative text, visualizations, interactive dashboards and other media.},
  file = {/home/markus/Zotero/storage/QJVJRADH/jupyter.org.html}
}

@misc{matplotlib_ipympl,
  title = {Matplotlib/Ipympl},
  year = {2020},
  month = may,
  url = {https://github.com/matplotlib/ipympl},
  urldate = {2020-05-05},
  abstract = {Matplotlib Jupyter Integration. Contribute to matplotlib/ipympl development by creating an account on GitHub.},
  copyright = {BSD-3-Clause},
  journal = {Matplotlib Jupyter Lab Integration},
  keywords = {jupyterlab-extension}
}

@misc{minicircuits_website,
  title = {Mini {{Circuits}} - {{Global Leader}} of {{RF}} and {{Microwave Components}}},
  url = {https://www.minicircuits.com/},
  urldate = {2020-04-22},
  file = {/home/markus/Zotero/storage/A58SABHB/www.minicircuits.com.html}
}

@misc{numpy,
  title = {{{NumPy}} \textemdash{} {{NumPy}}},
  url = {https://numpy.org/},
  urldate = {2020-05-06},
  file = {/home/markus/Zotero/storage/U82BKTGU/numpy.org.html},
  journal = {Numpy Website}
}

@misc{numpy_reference,
  title = {{{NumPy Reference}} \textemdash{} {{NumPy}} v1.17 {{Manual}}},
  url = {https://docs.scipy.org/doc/numpy/reference/index.html},
  urldate = {2020-05-06},
  file = {/home/markus/Zotero/storage/3E83UBDX/index.html}
}

@book{proakis2014,
  title = {Fundamentals of Communication Systems},
  author = {Proakis, John G. and Salehi, Masoud},
  year = {2014},
  edition = {Second Edition},
  publisher = {{Pearson}},
  address = {{Boston}},
  file = {/home/markus/Zotero/storage/R9Z9CEQD/Proakis and Salehi - 2014 - Fundamentals of communication systems.pdf},
  isbn = {978-0-13-335485-0},
  keywords = {Telecommunication,Telecommunication systems,ToRead},
  lccn = {TK5101 .P755 2014}
}

@misc{programiz_python,
  title = {Learn {{Python Programming}} | {{Programiz}}},
  url = {https://www.programiz.com/python-programming},
  urldate = {2020-04-29},
  file = {/home/markus/Zotero/storage/SFWC6FS3/python-programming.html}
}

@book{pu2013,
  title = {Digital Communication Systems Engineering with Software-Defined Radio},
  author = {Pu, Di and Wyglinski, Alexander M.},
  year = {2013},
  publisher = {{Artech House}},
  address = {{Boston}},
  file = {/home/markus/Zotero/storage/H6NSBM66/Pu and Wyglinski - 2013 - Digital communication systems engineering with sof.pdf},
  isbn = {978-1-60807-525-6},
  keywords = {Digital communications,Software radio,Systems engineering},
  language = {en},
  lccn = {TK5103.4875 .P8 2013},
  series = {Mobile Communications Series}
}

@misc{python_distributions,
  title = {{{PythonDistributions}} - {{Python Wiki}}},
  url = {https://wiki.python.org/moin/PythonDistributions},
  urldate = {2020-04-11},
  file = {/home/markus/Zotero/storage/52RPXN9U/PythonDistributions.html}
}

@misc{python_doc,
  title = {Python {{Documentation}}},
  url = {https://www.python.org/doc/},
  urldate = {2020-04-28},
  file = {/home/markus/Zotero/storage/DLGHQ4WN/doc.html},
  journal = {Python.org},
  language = {en}
}

@misc{python_pdb_doc,
  title = {Pdb \textemdash{} {{The Python Debugger}} \textemdash{} {{Python}} 3.7.7 Documentation},
  url = {https://docs.python.org/3.7/library/pdb.html\#debugger-commands},
  urldate = {2020-04-29},
  file = {/home/markus/Zotero/storage/L54S5I2L/pdb.html}
}

@misc{python_pep8,
  title = {{{PEP}} 8 -- {{Style Guide}} for {{Python Code}}},
  url = {https://www.python.org/dev/peps/pep-0008/},
  urldate = {2020-04-28},
  abstract = {The official home of the Python Programming Language},
  file = {/home/markus/Zotero/storage/2J4DQMTT/pep-0008.html},
  journal = {Python.org},
  language = {en}
}

@misc{python_standard_library,
  title = {The {{Python Standard Library}} \textemdash{} {{Python}} 3.7.7 Documentation},
  url = {https://docs.python.org/3.7/library/},
  urldate = {2020-04-29},
  file = {/home/markus/Zotero/storage/NI4DMDUN/library.html}
}

@misc{python_tutorial_3_7,
  title = {The {{Python Tutorial}} \textemdash{} {{Python}} 3.7.7 Documentation},
  url = {https://docs.python.org/3.7/tutorial/index.html},
  urldate = {2020-04-28},
  file = {/home/markus/Zotero/storage/WDXK349S/index.html}
}

@misc{python.org,
  title = {Welcome to {{Python}}.Org},
  url = {https://www.python.org/},
  urldate = {2020-04-11},
  abstract = {The official home of the Python Programming Language},
  file = {/home/markus/Zotero/storage/WNQ5HDJR/www.python.org.html},
  journal = {Python.org},
  language = {en}
}

@misc{ranson2020,
  title = {Radiosd/{{PlutoSdr}}},
  author = {Ranson, Richard},
  year = {2020},
  month = mar,
  url = {https://github.com/radiosd/PlutoSdr},
  urldate = {2020-04-13},
  abstract = {Access and cotrol of PlutoSDR hardware using python bindings to libiio},
  keywords = {plutosdr,python},
  type = {Github}
}

@misc{rtl-srd-com-big_list_software,
  title = {The {{BIG List}} of {{RTL}}-{{SDR Supported Software}}},
  year = {2014},
  month = feb,
  url = {https://www.rtl-sdr.com/big-list-rtl-sdr-supported-software/},
  urldate = {2020-06-03},
  abstract = {There are now dozens of software defined radio packages that support the ultra cheap~RTL-SDR. On this page we will attempt to list, categorize and provide a brief overview of each software program. We categorize the programs into general purpose software, single purpose software, research software and software compatible with audio piping. If you know of a program that is missing please leave a comment in the comments section at the bottom of the page. 13/02/2014 - Added Sodira, gr-wmbus, rtlsdr-waterfall, QTRadio, multimon, sdrangelove, lte-scanner, rtl\_tcp,~rtl\_sdr\_FS20\_decoder. 17/02/2014 - Updated the Linrad description. 28/04/2014 - Added Modesdeco and Trunk88. 30/05/2014 - Added},
  file = {/home/markus/Zotero/storage/VSDSYWVE/big-list-rtl-sdr-supported-software.html},
  journal = {rtl-sdr.com},
  language = {en-US}
}

@misc{sdr_sharp_website,
  title = {{{SDR}}\# and {{Airspy Downloads}} - Airspy.Com},
  url = {https://airspy.com/download/},
  urldate = {2020-06-03},
  abstract = {Download the best SDR software and plugins for Airspy, RTL-SDR dongle and many other radios!},
  file = {/home/markus/Zotero/storage/XE5EDW2P/download.html},
  language = {en-US}
}

@misc{vscode_python_in_vscode,
  title = {Python in {{Visual Studio Code}}},
  url = {https://code.visualstudio.com/docs/languages/python},
  urldate = {2020-04-28},
  abstract = {Learn about Visual Studio Code as a Python IDE (code completion, debugging, snippets, linting).},
  file = {/home/markus/Zotero/storage/UULEW63P/python.html},
  language = {en}
}


